@Manual{adaptivetau,
  Title = {\pkg{adaptivetau}: Tau-Leaping Stochastic Simulation},
  Author = {Philip Johnson},
  Year = {2016},
  Note = {R package version 2.2-1},
  Url = {https://CRAN.R-project.org/package=adaptivetau}
}

@Article{statnet,
  Title = {\pkg{statnet}: Software Tools for the Representation,
                  Visualization, Analysis and Simulation of Network
                  Data},
  Author = {Handcock, Mark S. and Hunter, David R. and Butts, Carter
                  T.  and Goodreau, Steven M. and Morris, Martina},
  Journal = {Journal of Statistical Software},
  Year = {2008},
  Volume = {24},
  Number = {1},
  Pages = {1--11},
  Doi = {10.18637/jss.v024.i01}
}

@Manual{EpiModel,
  Title = {\pkg{EpiModel}: Mathematical Modeling of Infectious
                  Disease},
  Author = {Jenness, Samuel and Goodreau, Steven M. and Morris, Martina},
  Year = {2017},
  Note = {\proglang{R}~package version 1.5.0},
  Url = {https://CRAN.R-project.org/package=EpiModel},
}

@Article{EC-No-1760-2000,
  Title = {{Regulation (EC) No 1760/2000 of the European Parliament
                  and of the Council of 17 July 2000 Establishing a
                  System for the Identification and Registration of
                  Bovine Animals and Regarding the Labelling of Beef
                  and Beef Products}},
  Author = {Anonymous},
  Journal = {Official Journal of the European Union},
  Year = {2000},
  Pages = {1--10},
  Volume = {L 204}
}

@Article{EC-No-911-2004,
  Title = {{Commission Regulation (EC) No 911/2004 of 29 April 2004
                  Implementing Regulation (EC) No 1760/2000 of the
                  European Parliament and of the Council as Regards
                  Eartags, Passports and Holding Registers}},
  Author = {Anonymous},
  Journal = {Official Journal of the European Union},
  Year = {2004},
  Pages = {65--70},
  Volume = {L 163}
}

@Manual{R,
  Title = {\proglang{R}: A Language and Environment for Statistical
                  Computing},
  Author = {{\proglang{R} Core Team}},
  Organization = {\proglang{R} Foundation for Statistical Computing},
  Address = {Vienna, Austria},
  Year = {2017},
  Url = {https://www.R-project.org/}
}

@Article{surveillance,
  Title = {Spatio-Temporal Analysis of Epidemic Phenomena Using the
                  \proglang{R} Package \pkg{surveillance}},
  Author = {Meyer, Sebastian and Held, Leonhard and H{\"{o}}hle,
                  Michael},
  Journal = {Journal of Statistical Software},
  Volume = {77},
  Number = {11},
  Pages = {1--55},
  Year = {2017},
  Doi = {10.18637/jss.v077.i11}
}

@Article{amei,
  Title = {\pkg{amei}: An \proglang{R} Package for the Adaptive
                  Management of Epidemiological Interventions},
  Author = {Merl, Daniel and Johnson, Leah R. and Gramacy, Robert
                  B. and Mangel, Marc},
  Journal = {Journal of Statistical Software},
  Volume = {36},
  Number = {6},
  Pages = {1--32},
  Year = {2010},
  Doi = {10.18637/jss.v036.i06}
}

@incollection{siminf_Ch,
  Title = {Data-driven Computational Disease Spread Modeling: From
                  Measurement to Parametrization and Control},
  Booktitle = {Disease Modeling and Public Health},
  Author = {Engblom, Stefan and Widgren, Stefan},
  Address = {Amsterdam},
  Editor = {Rao, Arni S. R. Srinivasa and Pyne, Saumyadipta and Rao,
                  C. R.},
  Publisher = {Elsevier},
  Series = {Handbook of Statistics},
  Volume = {36},
  Year = {2017},
  Doi = {10.1016/bs.host.2017.05.005}
}

@Article{Bajardi2011,
  Title = {Dynamical Patterns of Cattle Trade Movements},
  Author = {Bajardi, Paolo and Barrat, Alain and Natale, Fabrizio and
                  Savini, Lara and Colizza, Vittoria},
  Journal = {PloS ONE},
  Volume = {6},
  Number = {5},
  Pages = {e19869},
  Year = {2011},
  Doi = {10.1371/journal.pone.0019869}
}

@InProceedings{Bauer2015,
   Title = {Sensitivity Estimation and Inverse Problems in Spatial
                  Stochastic Models of Chemical Kinetics},
   Author = {Bauer, Pavol and Engblom, Stefan},
   Editor = {Abdulle, Assyr and Deparis, Simone and Kressner, Daniel and
                  Nobile, Fabio and Picasso, Marco},
   Booktitle = {Numerical Mathematics and Advanced Applications -
                  ENUMATH 2013},
   Year = {2015},
   Publisher = {Springer International Publishing},
   Address = {Cham},
   Pages = {519--527},
   Doi = {10.1007/978-3-319-10705-9_51}
}
@Article{Bauer2016,
  Title = {Fast Event-Based Epidemiological Simulations on National
                  Scales},
  Author = {Bauer, Pavol and Engblom, Stefan and Widgren, Stefan},
  Journal = {International Journal of High Performance Computing Applications},
  Volume = {30},
  Number = {4},
  Pages = {438--453},
  Year = {2016},
  Doi = {10.1177/1094342016635723}
}

@Article{Brooks-Pollock2013,
  Title = {Age-dependent Patterns of Bovine Tuberculosis in Cattle},
  Author = {Brooks-Pollock, Ellen and Conlan, Andrew JK and Mitchell, Andy
                  P.  and Blackwell, Ruth and McKinley, Trevelyan J.
                  and Wood, James LN},
  Journal = {Veterinary Research},
  Volume = {44},
  Number = {1},
  Pages = {97},
  Year = {2013},
  Doi = {10.1186/1297-9716-44-97}
}

@Article{BrooksPollock2014,
  Title = {Eight Challenges in Modelling Infectious Livestock
                  Diseases},
  Author = {Brooks-Pollock, E. and de Jong, M.C.M. and Keeling,
                  M.J. and Klinkenberg, D. and Wood, J.L.N.},
  Journal = {Epidemics},
  Volume = {10},
  Pages = {1--5},
  Year = {2015},
  Doi = {10.1016/j.epidem.2014.08.005}
}

@Article{Buettner2014,
  Title = {Epidemic Spreading in an Animal Trade Network - Comparison of
                  Distance-Based and Network-Based Control Measures},
  Author = {B{\"u}ttner, K. and Krieter, J. and Traulsen, A. and
                  Traulsen, I.},
  Journal = {Transboundary and Emerging Diseases},
  Volume = {63},
  Number = {1},
  Pages = {e122--e134},
  Year = {2016},
  Doi = {10.1111/tbed.12245}
}

@Article{Cao2007,
  Title = {Adaptive Explicit-implicit tau-leaping Method With
                  Automatic tau Selection},
  Author = {Yang Cao and Daniel T. Gillespie and Linda R. Petzold},
  Journal = {The Journal of Chemical Physics},
  Volume = {126},
  Number = {22},
  Pages = {224101},
  Year = {2007},
  Doi = {10.1063/1.2745299}
}

@Book{Chambers2008,
  Title = {Software for Data Analysis: Programming with \proglang{R}},
  Author = {Chambers, John},
  Year = {2008},
  Publisher = {Springer-Verlag},
  Address = {New York}
}

@Article{Danon2011,
  Title = {Networks and the Epidemiology of Infectious Disease},
  Author = {Danon, Leon and Ford, Ashley P and House, Thomas and
                  Jewell, Chris P and Keeling, Matt J and Roberts,
                  Gareth O and Ross, Joshua V and Vernon, Matthew C},
  Journal = {Interdisciplinary Perspectives on Infectious Diseases},
  Volume = {2011},
  Year = {2011},
  Doi = {10.1155/2011/284909}
}

@Article{Drawert2012,
  Title = {URDME: A Modular Framework for Stochastic Simulation of
                  Reaction-Transport Processes in Complex Geometries},
  Author = {Drawert, Brian and Engblom, Stefan and Hellander, Andreas},
  Journal = {BMC Systems Biology},
  Volume = {6},
  Number = {1},
  Pages = {1--17},
  Year = {2012},
  Doi = {10.1186/1752-0509-6-76}
}

@Article{Dutta2014,
  Title = {Characteristics of the Spatio-Temporal Network of Cattle
                  Movements in France Over a 5-Year Period},
  Author = {Dutta, Bhagat Lal and Ezanno, Pauline and Vergu,
                  Elisabeta},
  Journal = {Preventive Veterinary Medicine},
  Volume = {117},
  Number = {1},
  Pages = {79--94},
  Year = {2014},
  Doi = {10.1016/j.prevetmed.2014.09.005}
}

@Article{Engblom2009,
  Title = {Simulation of Stochastic Reaction-Diffusion Processes on
                  Unstructured Meshes},
  Author = {Engblom, Stefan and Ferm, Lars and Hellander, Andreas and
                  L{\"o}tstedt, Per},
  Journal = {{SIAM} Journal on Scientific Computing},
  Volume = {31},
  Number = {3},
  Pages = {1774--1797},
  Year = {2009},
  Doi = {10.1137/080721388}
}

@article{EUzoonoses,
  Title = {The {E}uropean {U}nion summary report on trends and sources
                  of zoonoses, zoonotic agents and food-borne
                  outbreaks in 2016},
  Author = {{European Food Safety Authority and European Centre for
                  Disease Prevention and Control}},
  Journal = {EFSA Journal},
  Year = {2017},
  Volume = {15},
  Number = {12},
  Pages = {5077},
  Doi = {10.2903/j.efsa.2017.5077}
}

@Article{Fulford2002,
  Title = {The Metapopulation Dynamics of an Infectious Disease:
                  Tuberculosis in Possums},
  Author = {Fulford, GR and Roberts, MG and Heesterbeek, JAP},
  Journal = {Theoretical Population Biology},
  Volume = {61},
  Number = {1},
  Pages = {15--29},
  Year = {2002},
  Doi = {10.1006/tpbi.2001.1553}
}

@Manual{Gallassi2009,
  Title = {GNU Scientific Library Reference Manual},
  Author = {Galassi, M. and Davies, J. and Theiler, J. and Gough, B.
                  and Jungman, G. and Alken, P. and Booth, M. and
                  Rossi, F.},
  Organization = {Network Theory Limited},
  Edition = {3rd},
  Year = {2009},
  Note = {ISBN: 0-9546120-7-8},
  Url  = {http://www.gnu.org/software/gsl/}
}

@Article{Gillespie1977,
  Title = {Exact Stochastic Simulation of Coupled Chemical Reactions},
  Author = {Gillespie, Daniel T.},
  Journal = {The Journal of Physical Chemistry},
  Volume = {81},
  Number = {25},
  Pages = {2340--2361},
  Year = {1977},
  Doi = {10.1021/j100540a008}
}

@Book{Hadley2015,
  Title = {\proglang{R} Packages: Organize, Test, Document, and Share
                  Your Code},
  Author = {Wickham, Hadley},
  Year = {2015},
  Publisher = {O'Reilly Media, Inc.},
  Address = {Sebastopol, CA},
  Url = {http://r-pkgs.had.co.nz/}
}

@Article{Holme2012,
  Title = {Temporal Networks},
  Author = {Holme, Petter and Saram{\"a}ki, Jari},
  Journal = {Physics Reports},
  Volume = {519},
  Number = {3},
  Pages = {97--125},
  Year = {2012},
  Doi = {10.1016/j.physrep.2012.03.001}
}

@Manual{hybridModels,
  Title = {\pkg{hybridModels}: An \proglang{R} Package for Stochastic
                  Simulation of Disease Spreading in Dynamic Networks},
  Author = {F. S. Marques and M. Amaku and J. H. H. Grisi-Filho},
  Year = {2017},
  Note = {\proglang{R}~package version 0.2.15},
  Url = {https://CRAN.R-project.org/package=hybridModels}
}

@Article{Kao2006,
  Title = {Demographic Structure and Pathogen Dynamics on the Network
                  of Livestock Movements in Great Britain},
  Author = {Kao, RR and Danon, L and Green, DM and Kiss, IZ},
  Journal = {Proceedings of the Royal Society of London B: Biological
                  Sciences},
  Volume = {273},
  Number = {1597},
  Pages = {1999--2007},
  Year = {2006},
  Doi = {10.1098/rspb.2006.3505}
}

@Article{Keeling2010,
  Title = {Individual Identity and Movement Networks for Disease
                  Metapopulations},
  Author = {Keeling, Matt J and Danon, Leon and Vernon, Matthew C and
                  House, Thomas A},
  Journal = {Proceedings of the National Academy of Sciences},
  Volume = {107},
  Number = {19},
  Pages = {8866--8870},
  Year = {2010},
  Doi = {10.1073/pnas.1000416107}
}

@Book{Kernighan1988,
  Title = {\proglang{C} Programming Language},
  Author = {Kernighan, Brian W. and Ritchie, Dennis M.},
  Year = {1988},
  Publisher = {Prentice Hall Press},
  Address = {Upper Saddle River, NJ}
}

@article{Newell2010,
  Title = {Food-borne diseases - the Challenges of 20 Years Ago Still
                  Persist While New Ones Continue to Emerge},
  Author = {Newell, Diane G and Koopmans, Marion and Verhoef, Linda
                  and Duizer, Erwin and Aidara-Kane, Awa and Sprong,
                  Hein and Opsteegh, Marieke and Langelaar, Merel and
                  Threfall, John and Scheutz, Flemming and others},
  Journal = {International Journal of Food Microbiology},
  Volume = {139},
  Pages = {S3--S15},
  Year = {2010},
  Doi = {10.1016/j.ijfoodmicro.2010.01.021}
}

@Misc{OpenMP2008,
  Title = {{OpenMP} Application Program Interface Version 3.0},
  Author = {{OpenMP Architecture Review Board}},
  Month = may,
  Year = {2008},
  Url = {http://www.openmp.org/mp-documents/spec30.pdf}
}

@Article{Pineda-Krch2008,
   Title = {\pkg{GillespieSSA}: Implementing the Gillespie Stochastic
                  Simulation Algorithm in \proglang{R}},
   Author = {Pineda-Krch, Mario},
   Journal = {Journal of Statistical Software},
   Volume = {25},
   Number = {1},
   Pages = {1--18},
   Year = {2008},
   Doi = {10.18637/jss.v025.i12}
}

@Article{Rosenzweig1963,
  Title = {Graphical Representation and Stability Conditions of
                  Predator-Prey Interactions},
  Author = {Rosenzweig, Martin Lewis and MacArthur, Robert H},
  Journal = {The American Naturalist},
  Volume = {97},
  Number = {895},
  Pages = {209--223},
  Year = {1963},
  Doi = {10.1086/282272}
}

@Article{Shirley2005,
  Title = {The Impacts of Network Topology on Disease Spread},
  Author = {Shirley, Mark DF and Rushton, Steve P},
  Journal = {Ecological Complexity},
  Volume = {2},
  Number = {3},
  Pages = {287--299},
  Year = {2005},
  Doi = {10.1016/j.ecocom.2005.04.005}
}

@Article{Widgren2016,
  Title = {Data-driven Network Modelling of Disease Transmission Using
                  Complete Population Movement Data: Spread of {VTEC
                  O157} in {S}wedish Cattle},
  Author = {Widgren, Stefan and Engblom, Stefan and Bauer, Pavol and
                  Fr{\"o}ssling, Jenny and Emanuelson, Ulf and
                  Lindberg, Ann},
  Journal = {Veterinary Research},
  Volume = {47},
  Number = {1},
  Pages = {81},
  Year = {2016},
  Doi = {10.1186/s13567-016-0366-5}
}

@Article{Widgren2018,
  Title = {Spatio-temporal Modelling of Verotoxigenic
                  \textit{Escherichia coli} {O157} in Cattle in
                  {S}weden: Exploring Options for Control},
  Author = {Widgren, Stefan and Engblom, Stefan and Emanuelson, Ulf
                  and Lindberg, Ann},
  Journal = {Submitted manuscript},
  Volume = {},
  Number = {},
  Pages = {},
  Year = {2018}
}
